@article{Ade:2013kta,
      author         = "Ade, P.A.R. and others",
      title          = "{Planck 2013 results. XV. CMB power spectra and
                        likelihood}",
      collaboration  = "Planck Collaboration",
      journal        = "Astron.Astrophys.",
      volume         = "571",
      pages          = "A15",
      doi            = "10.1051/0004-6361/201321573",
      year           = "2014",
      eprint         = "1303.5075",
      archivePrefix  = "arXiv",
      primaryClass   = "astro-ph.CO",
      SLACcitation   = "%%CITATION = ARXIV:1303.5075;%%",
}

@article{ATLAS:2011wfa,
      key            = "1204108",
      title          = "{Measurement of elliptic flow and higher-order flow
                        coefficients with the ATLAS detector in
                        $\sqrt{s_{\mathrm{NN}}}$=2.76 TeV Pb+Pb collisions}",
      collaboration  = "ATLAS Collaboration",
      year           = "2011",
      reportNumber   = "ATLAS-CONF-2011-074, ATLAS-COM-CONF-2011-086",
      SLACcitation   = "%%CITATION = ATLAS-CONF-2011-074 ETC.;%%",
}

@article{Heinz:2004qz,
      author         = "Heinz, Ulrich W.",
      title          = "{Concepts of heavy ion physics}",
      pages          = "165-238",
      year           = "2004",
      eprint         = "hep-ph/0407360",
      archivePrefix  = "arXiv",
      primaryClass   = "hep-ph",
      reportNumber   = "CERN-2004-001-D",
      SLACcitation   = "%%CITATION = HEP-PH/0407360;%%",
}

@misc{BNL,
  title = {'Perfect' Liquid Hot Enough to be Quark Soup},
  howpublished = {\url{http://www.bnl.gov/newsroom/news.php?a=11074}},
  note = {Accessed: 2015-01-15}
}

@article{Adams:2005dq,
      author         = "Adams, John and others",
      title          = "{Experimental and theoretical challenges in the search
                        for the quark gluon plasma: The STAR Collaboration's
                        critical assessment of the evidence from RHIC collisions}",
      collaboration  = "STAR Collaboration",
      journal        = "Nucl.Phys.",
      volume         = "A757",
      pages          = "102-183",
      doi            = "10.1016/j.nuclphysa.2005.03.085",
      year           = "2005",
      eprint         = "nucl-ex/0501009",
      archivePrefix  = "arXiv",
      primaryClass   = "nucl-ex",
      SLACcitation   = "%%CITATION = NUCL-EX/0501009;%%",
}

@article{Shuryak:2004cy,
      author         = "Shuryak, Edward V.",
      title          = "{What RHIC experiments and theory tell us about
                        properties of quark-gluon plasma?}",
      journal        = "Nucl.Phys.",
      volume         = "A750",
      pages          = "64-83",
      doi            = "10.1016/j.nuclphysa.2004.10.022",
      year           = "2005",
      eprint         = "hep-ph/0405066",
      archivePrefix  = "arXiv",
      primaryClass   = "hep-ph",
      SLACcitation   = "%%CITATION = HEP-PH/0405066;%%",
}

@article{Kolb:2003dz,
      author         = "Kolb, Peter F. and Heinz, Ulrich W.",
      title          = "{Hydrodynamic description of ultrarelativistic heavy ion
                        collisions}",
      year           = "2003",
      eprint         = "nucl-th/0305084",
      archivePrefix  = "arXiv",
      primaryClass   = "nucl-th",
      reportNumber   = "SUNY-NTG-03-06",
      SLACcitation   = "%%CITATION = NUCL-TH/0305084;%%",
}

@article{Heinz:2001xi,
      author         = "Heinz, Ulrich W. and Kolb, Peter F.",
      title          = "{Early thermalization at RHIC}",
      journal        = "Nucl.Phys.",
      volume         = "A702",
      pages          = "269-280",
      doi            = "10.1016/S0375-9474(02)00714-5",
      year           = "2002",
      eprint         = "hep-ph/0111075",
      archivePrefix  = "arXiv",
      primaryClass   = "hep-ph",
      SLACcitation   = "%%CITATION = HEP-PH/0111075;%%",
}

@article{Song:2008si,
      author         = "Song, Huichao and Heinz, Ulrich W."
      title          = "{Multiplicity scaling in ideal and viscous
                         hydrodynamics}",
      journal        = "Phys.Rev.",
      volume         = "C78",
      pages          = "024902",
      doi            = "10.1103/PhysRevC.78.024902",
      year           = "2008",
      eprint         = "0805.1756"
      archivePrefix  = "arXiv",
      primaryClass   = "nucl-th",
      reportNumber   = "CERN-PH-TH-2008-100",
      SLACcitation   = "%%CITATION = ARXIV:0805.1756;%%",
}

@article{constraining-ic,
      author         = "Retinskaya, Ekaterina and Luzum, Matthew and Ollitrault,
                        Jean-Yves",
      title          = "{Constraining models of initial conditions with elliptic
                        and triangular flow data}",
      journal        = "Phys.Rev.",
      volume         = "C89",
      pages          = "014902",
      doi            = "10.1103/PhysRevC.89.014902",
      year           = "2014",
      eprint         = "1311.5339",
      archivePrefix  = "arXiv",
      primaryClass   = "nucl-th",
      reportNumber   = "SACLAY-T13-261",
      SLACcitation   = "%%CITATION = ARXIV:1311.5339;%%",
}

@article{UU-STAR,
      author         = "Pandit, Yadav",
      title          = "{Azimuthal Anisotropy in U+U Collisions at $\sqrt{s_{NN}}
                        = 193 $ GeV with STAR Detector at RHIC}",
      collaboration  = "the STAR Collaboration",
      journal        = "J.Phys.Conf.Ser.",
      volume         = "458",
      pages          = "012003",
      doi            = "10.1088/1742-6596/458/1/012003",
      year           = "2013",
      eprint         = "1305.0173",
      archivePrefix  = "arXiv",
      primaryClass   = "nucl-ex",
      SLACcitation   = "%%CITATION = ARXIV:1305.0173;%%",
}

@article{proton-proton,
      author         = "d'Enterria, D. and Eyyubova, G. Kh. and Korotkikh, V.L.
                        and Lokhtin, I.P. and Petrushanko, S.V. and others",
      title          = "{Estimates of hadron azimuthal anisotropy from
                        multiparton interactions in proton-proton collisions at
                        $\sqrt{s}=14$ TeV}",
      journal        = "Eur.Phys.J.",
      volume         = "C66",
      pages          = "173-185",
      doi            = "10.1140/epjc/s10052-009-1232-7",
      year           = "2010",
      eprint         = "0910.3029",
      archivePrefix  = "arXiv",
      primaryClass   = "hep-ph",
      SLACcitation   = "%%CITATION = ARXIV:0910.3029;%%",
}

@article{nucleon-correlations,
      author         = "Alvioli, M. and Drescher, H.-J. and Strikman, M.",
      title          = "{A Monte Carlo generator of nucleon configurations in
                        complex nuclei including Nucleon-Nucleon correlations}",
      journal        = "Phys.Lett.",
      volume         = "B680",
      pages          = "225-230",
      doi            = "10.1016/j.physletb.2009.08.067",
      year           = "2009",
      eprint         = "0905.2670",
      archivePrefix  = "arXiv",
      primaryClass   = "nucl-th",
      SLACcitation   = "%%CITATION = ARXIV:0905.2670;%%",
}

@article{PhysRevC.89.044905,
  title = {Transverse-energy distributions at midrapidity in $p+p$, $d+\mathrm{Au}$, and $\mathrm{Au}+\mathrm{Au}$ 
           collisions at $\sqrt{{s}_{\mathit{\text{NN}}}}=62.4$\char21{}200 GeV and implications for particle-production models},
  author = {Adler, et al.},
  collaboration = {PHENIX Collaboration},
  journal = {Phys. Rev. C},
  volume = {89},
  issue = {4},
  pages = {044905},
  numpages = {22},
  year = {2014},
  month = {Apr},
  publisher = {American Physical Society},
  doi = {10.1103/PhysRevC.89.044905},
  url = {http://link.aps.org/doi/10.1103/PhysRevC.89.044905}
}

@article{Chaudhuri:2005ea,
      author         = "Chaudhuri, A.K. and Heinz, Ulrich W.",
      title          = "{Hydrodynamical evolution of dissipative QGP fluid}",
      journal        = "J.Phys.Conf.Ser.",
      volume         = "50",
      pages          = "251-258",
      doi            = "10.1088/1742-6596/50/1/030",
      year           = "2006",
      eprint         = "nucl-th/0504022",
      archivePrefix  = "arXiv",
      primaryClass   = "nucl-th",
      SLACcitation   = "%%CITATION = NUCL-TH/0504022;%%",
}

@article{Muronga:2004sf,
      author         = "Muronga, Azwinndini and Rischke, Dirk H.",
      title          = "{Evolution of hot, dissipative quark matter in
                        relativistic nuclear collisions}",
      year           = "2004",
      eprint         = "nucl-th/0407114",
      archivePrefix  = "arXiv",
      primaryClass   = "nucl-th",
      SLACcitation   = "%%CITATION = NUCL-TH/0407114;%%",
}

@article{Teaney:2004qa,
      author         = "Teaney, Derek A.",
      title          = "{Viscosity and thermalization}",
      journal        = "J.Phys.",
      volume         = "G30",
      pages          = "S1247-S1250",
      doi            = "10.1088/0954-3899/30/8/100",
      year           = "2004",
      eprint         = "nucl-th/0403053",
      archivePrefix  = "arXiv",
      primaryClass   = "nucl-th",
      SLACcitation   = "%%CITATION = NUCL-TH/0403053;%%",
}

@article{PhysRevLett.89.159901,
  title = {Erratum: Second Order Dissipative Fluid Dynamics for Ultrarelativistic Nuclear Collisions [Phys. Rev. Lett. 88, 062302 (2002)]},
  author = {Muronga, Azwinndini},
  journal = {Phys. Rev. Lett.},
  volume = {89},
  issue = {15},
  pages = {159901},
  numpages = {1},
  year = {2002},
  month = {Sep},
  publisher = {American Physical Society},
  doi = {10.1103/PhysRevLett.89.159901},
  url = {http://link.aps.org/doi/10.1103/PhysRevLett.89.159901}
}

@article{Aamodt:2010ft,
      author         = "Aamodt, K. and others",
      title          = "{Charged-particle multiplicity measurement in
                        proton-proton collisions at $\sqrt{s}=0.9$ and 2.36 TeV
                        with ALICE at LHC}",
      collaboration  = "ALICE Collaboration",
      journal        = "Eur.Phys.J.",
      volume         = "C68",
      pages          = "89-108",
      doi            = "10.1140/epjc/s10052-010-1339-x",
      year           = "2010",
      eprint         = "1004.3034",
      archivePrefix  = "arXiv",
      primaryClass   = "hep-ex",
      SLACcitation   = "%%CITATION = ARXIV:1004.3034;%%",
}

@article{Abelev:2014mda,
      author         = "Abelev, Betty Bezverkhny and others",
      title          = "{Multiparticle azimuthal correlations in p -Pb and Pb-Pb
                        collisions at the CERN Large Hadron Collider}",
      collaboration  = "ALICE Collaboration",
      journal        = "Phys.Rev.",
      number         = "5",
      volume         = "C90",
      pages          = "054901",
      doi            = "10.1103/PhysRevC.90.054901",
      year           = "2014",
      eprint         = "1406.2474",
      archivePrefix  = "arXiv",
      primaryClass   = "nucl-ex",
      reportNumber   = "CERN-PH-EP-2014-105",
      SLACcitation   = "%%CITATION = ARXIV:1406.2474;%%",
}

@article{Song:2008si,
      author         = "Song, Huichao and Heinz, Ulrich W.",
      title          = "{Multiplicity scaling in ideal and viscous
                        hydrodynamics}",
      journal        = "Phys.Rev.",
      volume         = "C78",
      pages          = "024902",
      doi            = "10.1103/PhysRevC.78.024902",
      year           = "2008",
      eprint         = "0805.1756",
      archivePrefix  = "arXiv",
      primaryClass   = "nucl-th",
      reportNumber   = "CERN-PH-TH-2008-100",
      SLACcitation   = "%%CITATION = ARXIV:0805.1756;%%",
}

@misc{osu,
      author         = "Goldschmidt, Andy and Qiu, Zhi and Heinz, Ulrich",
      year           = "2014",
      howpublished   = "in preparation and private communication",
}

@article{Schenke:2013dpa,
      author         = "Schenke, Bjoern and Tribedy, Prithwish and Venugopalan,
                        Raju",
      title          = "{Multiplicity distributions in p+p, p+A and A+A
                        collisions from Yang-Mills dynamics}",
      journal        = "Phys.Rev.",
      volume         = "C89",
      pages          = "024901",
      doi            = "10.1103/PhysRevC.89.024901",
      year           = "2014",
      eprint         = "1311.3636",
      archivePrefix  = "arXiv",
      primaryClass   = "hep-ph",
      SLACcitation   = "%%CITATION = ARXIV:1311.3636;%%",
}

@article{kolb,
      author         = "P.F. Kolb",
      title          = Early Thermalization and Hydrodynamic Expansion in Nuclear Collisions at RHIC"
      journal        = "Ph.D. thesis"
      year           = "2002"
}

@article{iss,
      author         = "Qiu, Zhi",
      title          = "{Event-by-event Hydrodynamic Simulations for Relativistic
                        Heavy-ion Collisions}",
      year           = "2013",
      eprint         = "1308.2182",
      archivePrefix  = "arXiv",
      primaryClass   = "nucl-th",
      SLACcitation   = "%%CITATION = ARXIV:1308.2182;%%",
}

@article{bass-dumitru,
      author         = "Bass, S.A. and Dumitru, A.",
      title          = "{Dynamics of hot bulk QCD matter: From the quark gluon
                        plasma to hadronic freezeout}",
      journal        = "Phys.Rev.",
      volume         = "C61",
      pages          = "064909",
      doi            = "10.1103/PhysRevC.61.064909",
      year           = "2000",
      eprint         = "nucl-th/0001033",
      archivePrefix  = "arXiv",
      primaryClass   = "nucl-th",
      SLACcitation   = "%%CITATION = NUCL-TH/0001033;%%",
}

@article{bhalerao:2014owa,
      author         = "Bhalerao, Rajeev S.",
      pages          = "219-239",
      doi            = "10.5170/CERN-2014-001.219",
      year           = "2014",
      eprint         = "1404.3294",
      archivePrefix  = "arXiv",
      primaryClass   = "nucl-th",
      reportnumber   = "TIFR-TH-14-11",
      SLACcitation   = "%%CITATION = ARXIV:1404.3294;%%",
}

@article{glauber,
      author         = "Miller, Michael L. and Reygers, Klaus and Sanders,
                        Stephen J. and Steinberg, Peter",
      title          = "{Glauber modeling in high energy nuclear collisions}",
      journal        = "Ann.Rev.Nucl.Part.Sci.",
      volume         = "57",
      pages          = "205-243",
      doi            = "10.1146/annurev.nucl.57.090506.123020",
      year           = "2007",
      eprint         = "nucl-ex/0701025",
      archivePrefix  = "arXiv",
      primaryClass   = "nucl-ex",
      SLACcitation   = "%%CITATION = NUCL-EX/0701025;%%",
}

@article{kln,
      author         = "Drescher, Hans-Joachim and Dumitru, Adrian and
                        Hayashigaki, Arata and Nara, Yasushi",
      title          = "{The Eccentricity in heavy-ion collisions from color
                        glass condensate initial conditions}",
      journal        = "Phys.Rev.",
      volume         = "C74",
      pages          = "044905",
      doi            = "10.1103/PhysRevC.74.044905",
      year           = "2006",
      eprint         = "nucl-th/0605012",
      archivePrefix  = "arXiv",
      primaryClass   = "nucl-th",
      SLACcitation   = "%%CITATION = NUCL-TH/0605012;%%",
}

@article{Retinskaya:2014zea,
      author         = "Retinskaya, Ekaterina and Luzum, Matthew and Ollitrault, Jean-Yves",
      title          = "{Constraining models of the initial state with $v_2$ and $v_3$ data from LHC and RHIC}",
      journal        = "Nucl.Phys.",
      volume         = "A926",
      pages          = "152-158",
      doi            = "10.1016/j.nuclphysa.2014.03.015",
      year           = "2014",
      eprint         = "1401.3241",
      archivePrefix  = "arXiv",
      primaryClass   = "nucl-th",
      SLACcitation   = "%%CITATION = ARXIV:1401.3241;%%",
}